<record><leader>00000cas a22000007a 4500</leader><controlfield tag="001">12265573</controlfield><controlfield tag="008">850715d18821883wiuwr ne      0    0eng d</controlfield><datafield ind1=" " ind2=" " tag="010"><subfield code="a">sn 85040851 </subfield></datafield><datafield ind1=" " ind2=" " tag="040"><subfield code="a">NPV</subfield><subfield code="b">eng</subfield><subfield code="c">NPV</subfield><subfield code="d">OCLCQ</subfield></datafield><datafield ind1=" " ind2=" " tag="042"><subfield code="a">msc</subfield></datafield><datafield ind1=" " ind2=" " tag="045"><subfield code="a">w8w8</subfield></datafield><datafield ind1=" " ind2=" " tag="052"><subfield code="a">4123</subfield><subfield code="b">S6</subfield></datafield><datafield ind1="0" ind2="4" tag="082"><subfield code="a">071</subfield></datafield><datafield ind1="0" ind2="0" tag="245"><subfield code="a">Sun and herald.</subfield></datafield><datafield ind1=" " ind2=" " tag="260"><subfield code="a">Sheboygan, Wis. :</subfield><subfield code="b">L.K. Howe,</subfield><subfield code="c">1882-1883.</subfield></datafield><datafield ind1=" " ind2=" " tag="300"><subfield code="a">v.</subfield></datafield><datafield ind1=" " ind2=" " tag="310"><subfield code="a">Weekly</subfield></datafield><datafield ind1="0" ind2=" " tag="362"><subfield code="a">Vol. 4, no. 45 (Nov. 10, 1882)-v. 4, no. 47 (Nov. 24, 1882); no. 48 (Dec. 1, 1882)-no. 50 (Dec. 15, 1882); vol. 16, no. 51 (Dec. 22, 1882)-v. 17, no. 41 (Oct. 12, 1883).</subfield></datafield><datafield ind1=" " ind2=" " tag="500"><subfield code="a">Editor: L.K. Howe.</subfield></datafield><datafield ind1=" " ind2=" " tag="530"><subfield code="a">Available on microfilm from The State Historical Society of Wisconsin.</subfield></datafield><datafield ind1=" " ind2=" " tag="752"><subfield code="a">United States</subfield><subfield code="b">Wisconsin</subfield><subfield code="c">Sheboygan</subfield><subfield code="d">Sheboygan.</subfield></datafield><datafield ind1="0" ind2="4" tag="780"><subfield code="t">Plymouth sun</subfield></datafield><datafield ind1="0" ind2="4" tag="780"><subfield code="t">Sheboygan herald (Sheboygan, Wis. : 1871)</subfield><subfield code="w">(DLC)sn 85033270</subfield></datafield><datafield ind1="0" ind2="0" tag="785"><subfield code="t">Sheboygan herald and the Plymouth sun</subfield><subfield code="w">(DLC)sn 85040852</subfield></datafield><datafield ind1="1" ind2=" " tag="029"><subfield code="a">AU@</subfield><subfield code="b">000025806367</subfield></datafield></record>